101 04200001301234567891108052100A094101US BANK NA             EXAMPLE COMPANY               

5225EXAMPLE COMPANY                  6980123456789PPDBUY WIDGET110808110808   1042000010000001
627021200025998412345        0000027000OA271          JULIAN PRICE            0101000184200001
627021200025998412345        0000062000OA272          SYDNEY BUTLER           0101000184200001
627021200025998412345        0000209000OA273          KEVIN CASTILLO          0101000184200001
627021200025998412345        0000139000OA274          ELIZABETH PATTERSON     0101000184200001
627021200025998412345        0000118000OA275          MORGAN WALKER           0101000184200001
627021200025998412345        0000206000OA278          JULIA LYNCH             0101000184200001
627021200025998412345        0000206000OA279          JULIA LYNCH             0101000184200001
627021200025998412345        0000122000OA280          ALLISON COLE            0101000184200001
627021200025998412345        0000122000OA281          ALLISON COLE            0101000184200001
627021200025998412345        0000170000OA282          BROOKLYN MURPHY         0101000184200001
627021200025998412345        0000170000OA283          BROOKLYN MURPHY         0101000184200001
627021200025998412345        0000250000OA284          DANIEL FOSTER           0101000184200001
627021200025998412345        0000250000OA285          DANIEL FOSTER           0101000184200001
627021200025998412345        0000262000OA286          LUKE CRAIG              0101000184200001
627021200025998412345        0000262000OA287          LUKE CRAIG              0101000184200001
627021200025998412345        0000242000OA288          LILLIAN JENSEN          0101000184200001
627021200025998412345        0000242000OA289          LILLIAN JENSEN          0101000184200001
627021200025998412345        0000087000OA290          CHRISTIAN COX           0101000184200001
627021200025998412345        0000150000OA291          BRYAN HORTON            0101000184200001
627021200025998412345        0000237000OA292          CARLOS COOK             0101000184200001
627021200025998412345        0000237000OA294          AUSTIN WATTS            0101000184200001
627021200025998412345        0000219000OA295          ALEXANDER ERRY          0101000184200001
627021200025998412345        0000255000OA296          RYAN FLETCHER           0101000184200001
627021200025998412345        0000149000OA297          PAYTON MCCOY            0101000184200001
627021200025998412345        0000217000OA298          DESTINY COLEMAN         0101000184200001
822500002500530000500000046100000000000000000123456789                         042000010000001
5220EXAMPLE COMPANY                  6990123456789PPDREFUND    110808110808   1042000010000002
822000000000000000000000000000000000000000000123456789                         042000010000002
5220EXAMPLE COMPANY                  7000123456789PPDVERIFY    110808110808   1042000010000003
622021200025998412345        0000000008OA251          NATHAN NELSON           0101000184200001
622021200025998412345        0000000010OA252          NATHAN NELSON           0101000184200001
622021200025998412345        0000000002OA253          CHARLES REYES           0101000184200001
622021200025998412345        0000000012OA254          CHARLES REYES           0101000184200001
622021200025998412345        0000000002OA255          SAMANTHA BYRD           0101000184200001
622021200025998412345        0000000011OA256          SAMANTHA BYRD           0101000184200001
622021200025998412345        0000000013OA259          JOSEPH RUSSELL          0101000184200001
622021200025998412345        0000000004OA260          JOSEPH RUSSELL          0101000184200001
622021200025998412345        0000000009OA261          CHASE BATES             0101000184200001
622021200025998412345        0000000005OA262          CHASE BATES             0101000184200001
622021200025998412345        0000000019OA263          HANNAH LEWIS            0101000184200001
622021200025998412345        0000000015OA264          HANNAH LEWIS            0101000184200001
622021200025998412345        0000000006OA265          MICHAEL GARZA           0101000184200001
622021200025998412345        0000000015OA266          MICHAEL GARZA           0101000184200001
622021200025998412345        0000000014OA267          WILLIAM HUDSON          0101000184200001
622021200025998412345        0000000009OA268          WILLIAM HUDSON          0101000184200001
622021200025998412345        0000000013OA269          JOSHUA OBRIEN           0101000184200001
622021200025998412345        0000000009OA270          JOSHUA OBRIEN           0101000184200001
822000001800381600360000000000000000000001760123456789                         042000010000003
5225                FV3               CA0123456789IATBUY WIDGETUSDCAD110808   1042000010000004
6270910502340                0000109000998412345                              0101000184200001
710WEB                                        HAYDEN BANKS                             0000001
711EXAMPLE COMPANY                    123 EASY STREET                                  0000001
712ANYTOWN*KS\                        US*12345\                                        0000001
713U.S. BANK                          0104200001                          US           0000001
714CENTRAL                            01021200025                         CA           0000001
715OA276          PO Box 190                                                           0000001
716Metropolis*ON\                     CA*01234\                                        0000001
6270910502340                0000109000998412345                              0101000184200001
710WEB                                        HAYDEN BANKS                             0000002
711EXAMPLE COMPANY                    123 EASY STREET                                  0000002
712ANYTOWN*KS\                        US*12345\                                        0000002
713U.S. BANK                          0104200001                          US           0000002
714CENTRAL                            01021200025                         CA           0000002
715OA277          PO Box 190                                                           0000002
716Metropolis*ON\                     CA*01234\                                        0000002
6270910502340                0000273000998412345                              0101000184200001
710WEB                                        MADISON ROSS                             0000003
711EXAMPLE COMPANY                    123 EASY STREET                                  0000003
712ANYTOWN*KS\                        US*12345\                                        0000003
713U.S. BANK                          0104200001                          US           0000003
714CENTRAL                            01021200025                         CA           0000003
715OA293          PO Box 740                                                           0000003
716Metropolis*ON\                     CA*01234\                                        0000003
822500002400273150690000004910000000000000000123456789                         042000010000004
5220                FV3               CA0123456789IATVERIFY    USDCAD110808   1042000010000005
6220910502340                0000000018998412345                              0101000184200001
710WEB                                        AIDAN BANKS                              0000004
711EXAMPLE COMPANY                    123 EASY STREET                                  0000004
712ANYTOWN*KS\                        US*12345\                                        0000004
713U.S. BANK                          0104200001                          US           0000004
714CENTRAL                            01021200025                         CA           0000004
715OA257          PO Box 160                                                           0000004
716Metropolis*ON\                     CA*01234\                                        0000004
6220910502340                0000000006998412345                              0101000184200001
710WEB                                        AIDAN BANKS                              0000005
711EXAMPLE COMPANY                    123 EASY STREET                                  0000005
712ANYTOWN*KS\                        US*12345\                                        0000005
713U.S. BANK                          0104200001                          US           0000005
714CENTRAL                            01021200025                         CA           0000005
715OA258          PO Box 160                                                           0000005
716Metropolis*ON\                     CA*01234\                                        0000005
822000001600182100460000000000000000000000240123456789                         042000010000005
9000005000010000000830136685201000005101000000000000200                                       
9999999999999999999999999999999999999999999999999999999999999999999999999999999999999999999999
9999999999999999999999999999999999999999999999999999999999999999999999999999999999999999999999
9999999999999999999999999999999999999999999999999999999999999999999999999999999999999999999999
9999999999999999999999999999999999999999999999999999999999999999999999999999999999999999999999